@article{touchScreenClassify,  
author={高燕}, 
title={触摸屏应用技术基础}, 
journal={现代营销}, 
year={2010}, 
volume={}, 
number={10}, 
pages={86-87}, 
month={1}, 
}

@article{GSensorUsage,
author={张曼 and 咸鹤群 and 张曙光},
title={ 基于重力传感器的身份认证技术研究 },
journal={信息网络安全},
year={2017},
volume={},
number={9},
pages={58-62},
month={1},
}

@article{GSensorTraditionnalUsage,
author={王梦思 and 柴华 and 龙明涛 and 郎亦虹 and 吴瑶},
title={ 重力感应技术在智能手机中的应用分析 },
journal={电视技术},
year={2013},
volume={37},
number={z2},
pages={478-479,484},
month={1},
}

@article{DetectTrafiic,  
author={肖峰 and 涂雯雯 and 陈冬}, 
title={基于手机运动传感器数据的交通流拥挤识别}, 
journal={西南交通大学学报}, 
year={2016}, 
volume={51}, 
number={3}, 
pages={553-562}, 
month={1}, 
}
@article{TraditionalUsageOfSendor,
author={陈玉},
title={ 传感器在智能手机上的应用 },
journal={电子制作},
year={2014},
volume={},
number={22},
pages={31-32},
month={1},
}
@article{Temperature,
author={聂剑},
title={ 一种手机准确测量环境温度的方法 },
journal={电子产品世界},
year={2015},
volume={},
number={5},
pages={13-15,21},
month={1},
}
@mastersthesis{storeyDetect,  
author={阮超}, 
title={基于智能手机气压传感器的室内楼层定位方法研究}, 
school={江西师范大学}, 
year={2018}, 
type={硕士论文}, 
month={}, 
}

@article{BlueTooth,  
author={钱志鸿 and 刘丹}, 
title={蓝牙技术数据传输综述}, 
journal={通信学报}, 
year={2012}, 
volume={33}, 
number={4}, 
pages={143-151}, 
month={1}, 
}

@article{BluTooth2,  
author={于进才 and 马岚 and 任晓明}, 
title={蓝牙技术的现状及发展}, 
journal={电子技术应用}, 
year={2004}, 
volume={30}, 
number={6}, 
pages={1-3}, 
month={1}, 
}

@article{NFC,  
author={杨晓娟}, 
title={NFC在手机中的应用——NFC芯片用于世博刷卡及蓝牙识别}, 
journal={移动通信}, 
year={2011}, 
volume={35}, 
number={11}, 
pages={71-75}, 
month={1}, 
}